%Encoding: UTF-8
@book{CleanCode, % You may put any id here - this is just used for matching citations
  author = {Martin, Robert C. and Coplien, James O.},
  address = {Upper Saddle River, NJ [etc.]},
  isbn = {9780132350884},
  publisher = {Prentice Hall},
  title = {Clean code: a handbook of agile software craftsmanship},
  year = 2009
}
